@Article{cgr2007,
	author={P. Carotenuto and S. Giordani and S. Ricciardelli},
	title={Finding Minimum and Equitable Risk Routes for Hazmat Shipments},
	journal={Computers \& Operations Research},
	year={2007},
	volume={34},
	number={5},
	pages={1304--1327},
	doi={10.1016/j.cor.2005.06.003}
}

@Article{gkbk1990,
	author={R. Gopalan and K.~S. Kolluri and R. Batta and M.~H. Karwan},
	title={Modeling Equity of Risk in the Transportation of Hazardous Materials},
	journal={Operations Research},
	year={1990},
	volume={38},
	number={6},
	pages={961--973},
	doi={10.1287/opre.38.6.961}
}

@Article{gian1998,
	author={I. Giannikos},
	title={A Multiobjective Programming Model for Locating Treatment Sites and Routing Hazardous Wastes},
	journal={European Journal of Operational Research},
	year={1998},
	volume={104},
	number={2},
	pages={333--342},
	doi={10.1016/S0377-2217(97)00188-4}
}


@Article{za2004,
	author={K.~G. Zografos and K.~N. Androutsopoulos},
	title={A Heuristic Algorithm for Solving Hazardous Materials Distribution Problems},
	journal={European Journal of Operational Research},
	year={2004},
	volume={152},
	number={2},
	pages={507–-519},
	doi={10.1016/S0377-2217(03)00041-9}
}

@Article{	  bz2011a,
author={J. Bader and E. Zitzler},
title={HypE: An Algorithm for Fast Hypervolume-Based Many-Objective Optimization},
journal={Evolutionary Computation},
year={2011},
volume={19},
number={1},
pages={45–-76}
}

@InProceedings{	  bltz2003a,
author={S. Bleuler and M. Laumanns and L. Thiele and E. Zitzler},
title={PISA---A Platform and Programming Language Independent Interface for Search Algorithms},
booktitle={Conference on Evolutionary Multi-Criterion Optimization {(EMO~2003)}},
year={2003},
editor={C. M. Fonseca and others},
volume={2632},
series={LNCS},
pages={494--508},
address={Berlin},
publisher={Springer}
}

@Book{		  deb2001a,
title={Multi-Objective Optimization Using Evolutionary Algorithms},
publisher={Wiley},
year={2001},
author={K. Deb},
address={Chichester, UK}
}

@Book{		  cvl2007a,
title={Evolutionary Algorithms for Solving Multi-Objective Problems},
publisher={Springer},
year={2007},
author={C. A. {Coello Coello} and G. B. {Lamont} and D. A. {Van Veldhuizen}},
address={Berlin, Germany}
}


@InProceedings{	  horo2009a,
author={C. Horoba},
title={Analysis of a Simple Evolutionary Algorithm for the Multiobjective Shortest Path Problem},
booktitle={Foundations of Genetic Algorithms {(FOGA 2009)}},
year={2009},
pages={113--120},
publisher={ACM}
}



